@article{scott2014dynamic,
  title     = {Dynamic discrete choice estimation of agricultural land use},
  author    = {Scott, Paul},
  year      = {2014},
  publisher = {TSE Working Paper}
}