@article{borusyak2024revisiting,
  title     = {Revisiting event-study designs: robust and efficient estimation},
  author    = {Borusyak, Kirill and Jaravel, Xavier and Spiess, Jann},
  journal   = {Review of Economic Studies},
  volume    = {91},
  number    = {6},
  pages     = {3253--3285},
  year      = {2024},
  publisher = {Oxford University Press UK}
}

@article{ackerberg2015identification,
  title     = {Identification properties of recent production function estimators},
  author    = {Ackerberg, Daniel A and Caves, Kevin and Frazer, Garth},
  journal   = {Econometrica},
  volume    = {83},
  number    = {6},
  pages     = {2411--2451},
  year      = {2015},
  publisher = {Wiley Online Library}
}